%% This BibTeX bibliography file was created using BibDesk.
%% https://bibdesk.sourceforge.io/

%% Created for Spencer Smith at 2023-03-24 13:04:27 -0400 


%% Saved with string encoding Unicode (UTF-8) 



@article{SmithAndKoothoor2016,
	abstract = {This paper presents a documentation and development method to facilitate the certification of scientific computing software used in the safety analysis of nuclear facilities. To study the problems faced during quality assurance and certification activities, a case study was performed on legacy software used for thermal analysis of a fuelpin in a nuclear reactor. Although no errors were uncovered in the code, 27 issues of incompleteness and inconsistency were found with the documentation. This work proposes that software documentation follow a rational process, which includes a software requirements specification following a template that is reusable, maintainable, and understandable. To develop the design and implementation, this paper suggests literate programming as an alternative to traditional structured programming. Literate programming allows for documenting of numerical algorithms and code together in what is termed the literate programmer's manual. This manual is developed with explicit traceability to the software requirements specification. The traceability between the theory, numerical algorithms, and implementation facilitates achieving completeness and consistency, as well as simplifies the process of verification and the associated certification.},
	author = {W. Spencer Smith and Nirmitha Koothoor},
	date-added = {2023-03-24 13:00:51 -0400},
	date-modified = {2023-03-24 13:00:51 -0400},
	doi = {http://dx.doi.org/10.1016/j.net.2015.11.008},
	issn = {1738-5733},
	journal = {Nuclear Engineering and Technology},
	keywords = {Software Quality},
	month = apr,
	number = {2},
	pages = {404-418},
	title = {A Document-Driven Method for Certifying Scientific Computing Software for Use in Nuclear Safety Analysis},
	url = {http://www.sciencedirect.com/science/article/pii/S1738573315002582},
	volume = {48},
	year = {2016},
	bdsk-file-1 = {YnBsaXN0MDDSAQIDBFxyZWxhdGl2ZVBhdGhZYWxpYXNEYXRhXxAiLi4vLi4vcHViL1NtaXRoQW5kS29vdGhvb3IyMDE2LnBkZk8RAWwAAAAAAWwAAgAADE1hY2ludG9zaCBIRAAAAAAAAAAAAAAAAAAAAAAAAABCRAAB/////xhTbWl0aEFuZEtvb3Rob29yMjAxNi5wZGYAAAAAAAAAAAAAAAAAAAAAAAAAAAAAAAAAAAAAAAAAAAAAAAAAAAD/////AAAAAAAAAAAAAAAAAAIAAgAACiBjdQAAAAAAAAAAAAAAAAADcHViAAACADEvOlVzZXJzOnNtaXRoczpSZXBvczpwdWI6U21pdGhBbmRLb290aG9vcjIwMTYucGRmAAAOADIAGABTAG0AaQB0AGgAQQBuAGQASwBvAG8AdABoAG8AbwByADIAMAAxADYALgBwAGQAZgAPABoADABNAGEAYwBpAG4AdABvAHMAaAAgAEgARAASAC9Vc2Vycy9zbWl0aHMvUmVwb3MvcHViL1NtaXRoQW5kS29vdGhvb3IyMDE2LnBkZgAAEwABLwAAFQACAA3//wAAAAgADQAaACQASQAAAAAAAAIBAAAAAAAAAAUAAAAAAAAAAAAAAAAAAAG5},
	bdsk-url-1 = {http://www.sciencedirect.com/science/article/pii/S1738573315002582},
	bdsk-url-2 = {http://dx.doi.org/10.1016/j.net.2015.11.008}}

@inproceedings{Parnas1978,
	address = {Piscataway, NJ, USA},
	author = {David L. Parnas},
	booktitle = {ICSE '78: Proceedings of the 3rd international conference on Software engineering},
	date-added = {2019-12-06 16:45:53 -0500},
	date-modified = {2019-12-06 16:45:53 -0500},
	isbn = {none},
	location = {Atlanta, Georgia, United States},
	pages = {264--277},
	publisher = {IEEE Press},
	title = {Designing Software for Ease of Extension and Contraction},
	year = {1978},
	bdsk-file-1 = {YnBsaXN0MDDSAQIDBFxyZWxhdGl2ZVBhdGhZYWxpYXNEYXRhXxAYLi4vLi4vcHViL1Bhcm5hczE5NzgucGRmTxEBRAAAAAABRAACAAAMTWFjaW50b3NoIEhEAAAAAAAAAAAAAAAAAAAAAAAAAEJEAAH/////DlBhcm5hczE5NzgucGRmAAAAAAAAAAAAAAAAAAAAAAAAAAAAAAAAAAAAAAAAAAAAAAAAAAAAAAAAAAAAAAAAAP////8AAAAAAAAAAAAAAAAAAgACAAAKIGN1AAAAAAAAAAAAAAAAAANwdWIAAAIAJy86VXNlcnM6c21pdGhzOlJlcG9zOnB1YjpQYXJuYXMxOTc4LnBkZgAADgAeAA4AUABhAHIAbgBhAHMAMQA5ADcAOAAuAHAAZABmAA8AGgAMAE0AYQBjAGkAbgB0AG8AcwBoACAASABEABIAJVVzZXJzL3NtaXRocy9SZXBvcy9wdWIvUGFybmFzMTk3OC5wZGYAABMAAS8AABUAAgAN//8AAAAIAA0AGgAkAD8AAAAAAAACAQAAAAAAAAAFAAAAAAAAAAAAAAAAAAABhw==}}

@inproceedings{ParnasEtAl1984,
	author = {D.L. Parnas and P.C. Clement and D. M. Weiss},
	booktitle = {International Conference on Software Engineering},
	date-added = {2019-12-06 16:45:50 -0500},
	date-modified = {2019-12-06 16:45:50 -0500},
	pages = {408-419},
	title = {The modular structure of complex systems},
	year = {1984},
	bdsk-file-1 = {YnBsaXN0MDDSAQIDBFxyZWxhdGl2ZVBhdGhZYWxpYXNEYXRhXxAcLi4vLi4vcHViL1Bhcm5hc0V0QWwxOTg0LnBkZk8RAVQAAAAAAVQAAgAADE1hY2ludG9zaCBIRAAAAAAAAAAAAAAAAAAAAAAAAABCRAAB/////xJQYXJuYXNFdEFsMTk4NC5wZGYAAAAAAAAAAAAAAAAAAAAAAAAAAAAAAAAAAAAAAAAAAAAAAAAAAAAAAAAAAAD/////AAAAAAAAAAAAAAAAAAIAAgAACiBjdQAAAAAAAAAAAAAAAAADcHViAAACACsvOlVzZXJzOnNtaXRoczpSZXBvczpwdWI6UGFybmFzRXRBbDE5ODQucGRmAAAOACYAEgBQAGEAcgBuAGEAcwBFAHQAQQBsADEAOQA4ADQALgBwAGQAZgAPABoADABNAGEAYwBpAG4AdABvAHMAaAAgAEgARAASAClVc2Vycy9zbWl0aHMvUmVwb3MvcHViL1Bhcm5hc0V0QWwxOTg0LnBkZgAAEwABLwAAFQACAA3//wAAAAgADQAaACQAQwAAAAAAAAIBAAAAAAAAAAUAAAAAAAAAAAAAAAAAAAGb}}

@article{Parnas1972a,
	author = {David L. Parnas},
	date-added = {2019-12-06 16:45:41 -0500},
	date-modified = {2019-12-06 16:45:41 -0500},
	journal = {Comm. ACM},
	month = dec,
	number = {2},
	pages = {1053--1058},
	title = {On the Criteria To Be Used in Decomposing Systems into Modules},
	volume = {15},
	year = {1972},
	bdsk-file-1 = {YnBsaXN0MDDSAQIDBFxyZWxhdGl2ZVBhdGhZYWxpYXNEYXRhXxAwLi4vLi4vLi4vV29yay9SZXNlYXJjaC9SZWZlcmVuY2VzL1Bhcm5hczE5NzIucGRmTxEBZgAAAAABZgACAAAMTWFjaW50b3NoIEhEAAAAAAAAAAAAAAAAAAAAAAAAAEJEAAH/////DlBhcm5hczE5NzIucGRmAAAAAAAAAAAAAAAAAAAAAAAAAAAAAAAAAAAAAAAAAAAAAAAAAAAAAAAAAAAAAAAAAP////8AAAAAAAAAAAAAAAAAAwAEAAAKIGN1AAAAAAAAAAAAAAAAAApSZWZlcmVuY2VzAAIANi86VXNlcnM6c21pdGhzOldvcms6UmVzZWFyY2g6UmVmZXJlbmNlczpQYXJuYXMxOTcyLnBkZgAOAB4ADgBQAGEAcgBuAGEAcwAxADkANwAyAC4AcABkAGYADwAaAAwATQBhAGMAaQBuAHQAbwBzAGgAIABIAEQAEgA0VXNlcnMvc21pdGhzL1dvcmsvUmVzZWFyY2gvUmVmZXJlbmNlcy9QYXJuYXMxOTcyLnBkZgATAAEvAAAVAAIADf//AAAACAANABoAJABXAAAAAAAAAgEAAAAAAAAABQAAAAAAAAAAAAAAAAAAAcE=}}

@misc{SRS,
	author = {Author Author},
	date-added = {2019-12-06 16:45:06 -0500},
	date-modified = {2019-12-06 16:45:26 -0500},
	howpublished = {\url{https://github.com/...}},
	title = {System Requirements Specification},
	year = {2019},
	bdsk-url-1 = {https://github.com/smiths/GeomRecon/blob/master/docs/SRS/SRS.pdf}}

@book{GhezziEtAl2003,
	address = {Upper Saddle River, NJ, USA},
	author = {Carlo Ghezzi and Mehdi Jazayeri and Dino Mandrioli},
	date-added = {2017-11-10 11:27:31 +0000},
	date-modified = {2017-11-10 11:27:31 +0000},
	edition = {2nd},
	keywords = {software engineering},
	publisher = {Prentice Hall},
	title = {Fundamentals of Software Engineering},
	year = {2003}}

@book{HoffmanAndStrooper1995,
	address = {New York, NY, USA},
	author = {Daniel M. Hoffman and Paul A. Strooper},
	date-added = {2017-11-10 11:27:24 +0000},
	date-modified = {2017-11-10 11:27:24 +0000},
	local-url = {file://localhost/Users/smiths/LongTermArchives/Work/Research/References/SoftwareEngineering/software-design-automated-testing.pdf},
	publisher = {International Thomson Computer Press},
	title = {Software Design, Automated Testing, and Maintenance: A Practical Approach},
	url = {http:// citeseer.ist.psu.edu/428727.html},
	year = {1995},
	bdsk-file-1 = {YnBsaXN0MDDSAQIDBFxyZWxhdGl2ZVBhdGhZYWxpYXNEYXRhXxA5Li4vLi4vc2UzeGEzL1JlZmVyZW5jZU1hdGVyaWFsL0hvZmZtYW5BbmRTdHJvb3BlcjE5OTUucGRmTxEBqgAAAAABqgACAAAMTWFjaW50b3NoIEhEAAAAAAAAAAAAAAAAAAAAAAAAAEJEAAH/////GkhvZmZtYW5BbmRTdHJvb3BlcjE5OTUucGRmAAAAAAAAAAAAAAAAAAAAAAAAAAAAAAAAAAAAAAAAAAAAAAAAAP////8AAAAAAAAAAAAAAAAAAgADAAAKIGN1AAAAAAAAAAAAAAAAABFSZWZlcmVuY2VNYXRlcmlhbAAAAgBILzpVc2VyczpzbWl0aHM6UmVwb3M6c2UzeGEzOlJlZmVyZW5jZU1hdGVyaWFsOkhvZmZtYW5BbmRTdHJvb3BlcjE5OTUucGRmAA4ANgAaAEgAbwBmAGYAbQBhAG4AQQBuAGQAUwB0AHIAbwBvAHAAZQByADEAOQA5ADUALgBwAGQAZgAPABoADABNAGEAYwBpAG4AdABvAHMAaAAgAEgARAASAEZVc2Vycy9zbWl0aHMvUmVwb3Mvc2UzeGEzL1JlZmVyZW5jZU1hdGVyaWFsL0hvZmZtYW5BbmRTdHJvb3BlcjE5OTUucGRmABMAAS8AABUAAgAN//8AAAAIAA0AGgAkAGAAAAAAAAACAQAAAAAAAAAFAAAAAAAAAAAAAAAAAAACDg==},
	bdsk-url-1 = {http://%20citeseer.ist.psu.edu/428727.html}}

@techreport{SmithMcCutchanAndCarette2017,
	author = {W. Spencer Smith and John McCutchan and Jacques Carette},
	date-added = {2017-09-14 19:16:56 +0000},
	date-modified = {2017-09-14 19:16:56 +0000},
	institution = {McMaster University, Department of Computing and Software},
	number = {CAS-17-01-SS},
	title = {Commonality Analysis for a Family of Material Models},
	type = {Technical Report},
	year = {2017},
	bdsk-file-1 = {YnBsaXN0MDDSAQIDBFxyZWxhdGl2ZVBhdGhZYWxpYXNEYXRhXxBOLi4vLi4vLi4vT0xEX1NWTi9tbXNjT0xEX1NWTi9GYW1pbHlPZk1hdGVyaWFsTW9kZWxzL0ZhbWlseU9mTWF0ZXJpYWxNb2RlbHMucGRmTxEB0gAAAAAB0gACAAAMTWFjaW50b3NoIEhEAAAAAAAAAAAAAAAAAAAAAAAAAEJEAAH/////GkZhbWlseU9mTWF0ZXJpYWxNb2RlbHMucGRmAAAAAAAAAAAAAAAAAAAAAAAAAAAAAAAAAAAAAAAAAAAAAAAAAP////8AAAAAAAAAAAAAAAAAAwAEAAAKIGN1AAAAAAAAAAAAAAAAABZGYW1pbHlPZk1hdGVyaWFsTW9kZWxzAAIAWi86VXNlcnM6c21pdGhzOlJlcG9zOk9MRF9TVk46bW1zY09MRF9TVk46RmFtaWx5T2ZNYXRlcmlhbE1vZGVsczpGYW1pbHlPZk1hdGVyaWFsTW9kZWxzLnBkZgAOADYAGgBGAGEAbQBpAGwAeQBPAGYATQBhAHQAZQByAGkAYQBsAE0AbwBkAGUAbABzAC4AcABkAGYADwAaAAwATQBhAGMAaQBuAHQAbwBzAGgAIABIAEQAEgBYVXNlcnMvc21pdGhzL1JlcG9zL09MRF9TVk4vbW1zY09MRF9TVk4vRmFtaWx5T2ZNYXRlcmlhbE1vZGVscy9GYW1pbHlPZk1hdGVyaWFsTW9kZWxzLnBkZgATAAEvAAAVAAIADf//AAAACAANABoAJAB1AAAAAAAAAgEAAAAAAAAABQAAAAAAAAAAAAAAAAAAAks=}}

@inproceedings{SmithEtAl2008,
	address = {Leipzig, Germany},
	author = {W. Spencer Smith and John McCutchan and Jacques Carette},
	booktitle = {Proceedings of the First International Workshop on Software Engineering for Computational Science and Engineering (SECSE 2008)},
	date-added = {2017-09-14 19:15:18 +0000},
	date-modified = {2017-09-14 19:15:18 +0000},
	month = {May},
	note = {8 pp},
	organization = {In conjunction with the 30th International Conference on Software Engineering (ICSE)},
	title = {Commonality Analysis of Families of Physical Models for use in Scientific Computing},
	url = {http://www.cse.msstate.edu/~SECSE08/schedule.htm},
	year = {2008},
	bdsk-file-1 = {YnBsaXN0MDDSAQIDBFxyZWxhdGl2ZVBhdGhZYWxpYXNEYXRhXxA+Li4vLi4vLi4vT0xEX1NWTi9tbXNjT0xEX1NWTi9TRUNTRTA4L1NtaXRoRXRBbF9Bc1N1Ym1pdHRlZC5wZGZPEQGiAAAAAAGiAAIAAAxNYWNpbnRvc2ggSEQAAAAAAAAAAAAAAAAAAAAAAAAAQkQAAf////8ZU21pdGhFdEFsX0FzU3VibWl0dGVkLnBkZgAAAAAAAAAAAAAAAAAAAAAAAAAAAAAAAAAAAAAAAAAAAAAAAAAA/////wAAAAAAAAAAAAAAAAADAAQAAAogY3UAAAAAAAAAAAAAAAAAB1NFQ1NFMDgAAAIASi86VXNlcnM6c21pdGhzOlJlcG9zOk9MRF9TVk46bW1zY09MRF9TVk46U0VDU0UwODpTbWl0aEV0QWxfQXNTdWJtaXR0ZWQucGRmAA4ANAAZAFMAbQBpAHQAaABFAHQAQQBsAF8AQQBzAFMAdQBiAG0AaQB0AHQAZQBkAC4AcABkAGYADwAaAAwATQBhAGMAaQBuAHQAbwBzAGgAIABIAEQAEgBIVXNlcnMvc21pdGhzL1JlcG9zL09MRF9TVk4vbW1zY09MRF9TVk4vU0VDU0UwOC9TbWl0aEV0QWxfQXNTdWJtaXR0ZWQucGRmABMAAS8AABUAAgAN//8AAAAIAA0AGgAkAGUAAAAAAAACAQAAAAAAAAAFAAAAAAAAAAAAAAAAAAACCw==},
	bdsk-url-1 = {http://www.cse.msstate.edu/~SECSE08/schedule.htm}}

@inproceedings{Smith2006,
	address = {Minneapolis / St.\ Paul, Minnesota},
	author = {W. Spencer Smith},
	booktitle = {Proceedings of the 14th IEEE International Requirements Engineering Conference, RE 2006},
	date-added = {2017-09-14 19:15:09 +0000},
	date-modified = {2017-09-14 19:15:09 +0000},
	local-url = {/Users/smiths/Work/Research/Papers/RE_2006/Smith2006_VersionAsPublished.pdf},
	pages = {209--218},
	title = {Systematic Development of Requirements Documentation for General Purpose Scientific Computing Software},
	url = {http://www.ifi.unizh.ch/req/events/RE06/},
	year = {2006},
	bdsk-file-1 = {YnBsaXN0MDDSAQIDBFxyZWxhdGl2ZVBhdGhZYWxpYXNEYXRhXxBGLi4vLi4vLi4vV29yay9SZXNlYXJjaC9QYXBlcnMvUkVfMjAwNi9TbWl0aDIwMDZfVmVyc2lvbkFzUHVibGlzaGVkLnBkZk8RAbQAAAAAAbQAAgAADE1hY2ludG9zaCBIRAAAAAAAAAAAAAAAAAAAAAAAAABCRAAB/////x9TbWl0aDIwMDZfVmVyc2lvbkEjRkZGRkZGRkYucGRmAAAAAAAAAAAAAAAAAAAAAAAAAAAAAAAAAAAAAAAAAAD/////AAAAAFBERiBDQVJPAAMABQAACiBjdQAAAAAAAAAAAAAAAAAHUkVfMjAwNgAAAgBMLzpVc2VyczpzbWl0aHM6V29yazpSZXNlYXJjaDpQYXBlcnM6UkVfMjAwNjpTbWl0aDIwMDZfVmVyc2lvbkFzUHVibGlzaGVkLnBkZgAOAEIAIABTAG0AaQB0AGgAMgAwADAANgBfAFYAZQByAHMAaQBvAG4AQQBzAFAAdQBiAGwAaQBzAGgAZQBkAC4AcABkAGYADwAaAAwATQBhAGMAaQBuAHQAbwBzAGgAIABIAEQAEgBKVXNlcnMvc21pdGhzL1dvcmsvUmVzZWFyY2gvUGFwZXJzL1JFXzIwMDYvU21pdGgyMDA2X1ZlcnNpb25Bc1B1Ymxpc2hlZC5wZGYAEwABLwAAFQACAA3//wAAAAgADQAaACQAbQAAAAAAAAIBAAAAAAAAAAUAAAAAAAAAAAAAAAAAAAIl},
	bdsk-url-1 = {http://www.ifi.unizh.ch/req/events/RE06/}}

@article{SmithEtAl2007,
	author = {W. Spencer Smith and Lei Lai and Ridha Khedri},
	date-added = {2017-09-14 15:47:22 +0000},
	date-modified = {2017-09-14 15:47:22 +0000},
	journal = {Reliable Computing, Special Issue on Reliable Engineering Computation},
	local-url = {/Users/smiths/Work/Research/Papers/ReliableComputing/SmithLaiAndKhedri2007fulltext.pdf},
	month = {February},
	number = {1},
	pages = {83--107},
	title = {Requirements Analysis for Engineering Computation: A Systematic Approach for Improving Software Reliability},
	volume = {13},
	year = {2007},
	bdsk-file-1 = {YnBsaXN0MDDSAQIDBFxyZWxhdGl2ZVBhdGhZYWxpYXNEYXRhXxBILi4vLi4vLi4vc2U0c2MvU2NpQ29tcEFuZFNvZnRFbmdQYXBlcnMvU21pdGhMYWlBbmRLaGVkcmkyMDA3ZnVsbHRleHQucGRmTxECFAAAAAACFAACAAAMTWFjaW50b3NoIEhEAAAAAAAAAAAAAAAAAAAAzpdzg0grAAAJMf0NH1NtaXRoTGFpQW5kS2hlZHJpMjAjOTMxRkQ2MC5wZGYAAAAAAAAAAAAAAAAAAAAAAAAAAAAAAAAAAAAAAAAAAAkx/WDTbwTTAAAAAAAAAAAAAwADAAAJIAAAAAAAAAAAAAAAAAAAABdTY2lDb21wQW5kU29mdEVuZ1BhcGVycwAAEAAIAADOl6vDAAAAEQAIAADTbz0TAAAAAQAUCTH9DQkx7scAEhWnAAj3ZgACZI4AAgBiTWFjaW50b3NoIEhEOlVzZXJzOgBzbWl0aHM6AFJlcG9zOgBzZTRzYzoAU2NpQ29tcEFuZFNvZnRFbmdQYXBlcnM6AFNtaXRoTGFpQW5kS2hlZHJpMjAjOTMxRkQ2MC5wZGYADgBEACEAUwBtAGkAdABoAEwAYQBpAEEAbgBkAEsAaABlAGQAcgBpADIAMAAwADcAZgB1AGwAbAB0AGUAeAB0AC4AcABkAGYADwAaAAwATQBhAGMAaQBuAHQAbwBzAGgAIABIAEQAEgBSVXNlcnMvc21pdGhzL1JlcG9zL3NlNHNjL1NjaUNvbXBBbmRTb2Z0RW5nUGFwZXJzL1NtaXRoTGFpQW5kS2hlZHJpMjAwN2Z1bGx0ZXh0LnBkZgATAAEvAAAVAAIADf//AAAACAANABoAJABvAAAAAAAAAgEAAAAAAAAABQAAAAAAAAAAAAAAAAAAAoc=},
	bdsk-file-2 = {YnBsaXN0MDDSAQIDBFxyZWxhdGl2ZVBhdGhZYWxpYXNEYXRhXxBRLi4vLi4vLi4vV29yay9SZXNlYXJjaC9QYXBlcnMvUmVsaWFibGVDb21wdXRpbmcvU21pdGhMYWlBbmRLaGVkcmkyMDA3ZnVsbHRleHQucGRmTxEB2AAAAAAB2AACAAAMTWFjaW50b3NoIEhEAAAAAAAAAAAAAAAAAAAAAAAAAEJEAAH/////H1NtaXRoTGFpQW5kS2hlZHJpMiNGRkZGRkZGRi5wZGYAAAAAAAAAAAAAAAAAAAAAAAAAAAAAAAAAAAAAAAAAAP////8AAAAAUERGIENBUk8AAwAFAAAKIGN1AAAAAAAAAAAAAAAAABFSZWxpYWJsZUNvbXB1dGluZwAAAgBXLzpVc2VyczpzbWl0aHM6V29yazpSZXNlYXJjaDpQYXBlcnM6UmVsaWFibGVDb21wdXRpbmc6U21pdGhMYWlBbmRLaGVkcmkyMDA3ZnVsbHRleHQucGRmAAAOAEQAIQBTAG0AaQB0AGgATABhAGkAQQBuAGQASwBoAGUAZAByAGkAMgAwADAANwBmAHUAbABsAHQAZQB4AHQALgBwAGQAZgAPABoADABNAGEAYwBpAG4AdABvAHMAaAAgAEgARAASAFVVc2Vycy9zbWl0aHMvV29yay9SZXNlYXJjaC9QYXBlcnMvUmVsaWFibGVDb21wdXRpbmcvU21pdGhMYWlBbmRLaGVkcmkyMDA3ZnVsbHRleHQucGRmAAATAAEvAAAVAAIADf//AAAACAANABoAJAB4AAAAAAAAAgEAAAAAAAAABQAAAAAAAAAAAAAAAAAAAlQ=}}

@inproceedings{SmithAndLai2005,
	address = {Paris, France},
	author = {W. Spencer Smith and Lei Lai},
	booktitle = {Proceedings of the First International Workshop on Situational Requirements Engineering Processes -- Methods, Techniques and Tools to Support Situation-Specific Requirements Engineering Processes, SREP'05},
	date-added = {2017-09-14 15:47:18 +0000},
	date-modified = {2017-09-14 15:47:18 +0000},
	editor = {J. Ralyt\'{e} and P. \.{A}gerfalk and N. Kraiem},
	local-url = {file://localhost/Users/smiths/Work/Research/Papers/SREP05/SREP05_ReformatAndRevise/SmithAndLai_2005.pdf},
	organization = {In conjunction with 13th IEEE International Requirements Engineering Conference},
	pages = {107--121},
	title = {A New Requirements Template for Scientific Computing},
	year = {2005},
	bdsk-file-1 = {YnBsaXN0MDDSAQIDBFxyZWxhdGl2ZVBhdGhZYWxpYXNEYXRhXxBSLi4vLi4vLi4vV29yay9SZXNlYXJjaC9QYXBlcnMvU1JFUDA1L1NSRVAwNV9SZWZvcm1hdEFuZFJldmlzZS9TbWl0aEFuZExhaV8yMDA1LnBkZk8RAcQAAAAAAcQAAgAADE1hY2ludG9zaCBIRAAAAAAAAAAAAAAAAAAAAAAAAABCRAAB/////xRTbWl0aEFuZExhaV8yMDA1LnBkZgAAAAAAAAAAAAAAAAAAAAAAAAAAAAAAAAAAAAAAAAAAAAAAAAAAAAAAAAD/////AAAAAAAAAAAAAAAAAAMABgAACiBjdQAAAAAAAAAAAAAAAAAYU1JFUDA1X1JlZm9ybWF0QW5kUmV2aXNlAAIAWC86VXNlcnM6c21pdGhzOldvcms6UmVzZWFyY2g6UGFwZXJzOlNSRVAwNTpTUkVQMDVfUmVmb3JtYXRBbmRSZXZpc2U6U21pdGhBbmRMYWlfMjAwNS5wZGYADgAqABQAUwBtAGkAdABoAEEAbgBkAEwAYQBpAF8AMgAwADAANQAuAHAAZABmAA8AGgAMAE0AYQBjAGkAbgB0AG8AcwBoACAASABEABIAVlVzZXJzL3NtaXRocy9Xb3JrL1Jlc2VhcmNoL1BhcGVycy9TUkVQMDUvU1JFUDA1X1JlZm9ybWF0QW5kUmV2aXNlL1NtaXRoQW5kTGFpXzIwMDUucGRmABMAAS8AABUAAgAN//8AAAAIAA0AGgAkAHkAAAAAAAACAQAAAAAAAAAFAAAAAAAAAAAAAAAAAAACQQ==}}

@book{RobertsonAndRobertson2012,
	author = {James Robertson and Suzanne Robertson},
	date-added = {2016-09-22 13:54:40 +0000},
	date-modified = {2016-09-22 14:01:42 +0000},
	edition = {16},
	publisher = {Atlantic Systems Guild Limited},
	title = {Volere Requirements Specification Template},
	year = {2012}}

@article{ParnasAndClements1986,
	author = {David L. Parnas and P.C. Clements},
	date-added = {2016-09-10 13:11:57 +0000},
	date-modified = {2016-09-10 13:11:57 +0000},
	journal = {IEEE Transactions on Software Engineering},
	number = {2},
	pages = {251--257},
	title = {A Rational Design Process: How and Why to Fake it},
	volume = {12},
	year = {February 1986},
	bdsk-file-1 = {YnBsaXN0MDDSAQIDBFxyZWxhdGl2ZVBhdGhZYWxpYXNEYXRhXxBALi4vLi4vLi4vc2U0c2MvU2NpQ29tcEFuZFNvZnRFbmdQYXBlcnMvUGFybmFzQW5kQ2xlbWVudHMxOTg2LnBkZk8RAfYAAAAAAfYAAgAADE1hY2ludG9zaCBIRAAAAAAAAAAAAAAAAAAAAM6Xc4NIKwAACTH9DRlQYXJuYXNBbmRDbGVtZW50czE5ODYucGRmAAAAAAAAAAAAAAAAAAAAAAAAAAAAAAAAAAAAAAAAAAAAAAAAAAAJMf1D028E0wAAAAAAAAAAAAMAAwAACSAAAAAAAAAAAAAAAAAAAAAXU2NpQ29tcEFuZFNvZnRFbmdQYXBlcnMAABAACAAAzperwwAAABEACAAA0289EwAAAAEAFAkx/Q0JMe7HABIVpwAI92YAAmSOAAIAXE1hY2ludG9zaCBIRDpVc2VyczoAc21pdGhzOgBSZXBvczoAc2U0c2M6AFNjaUNvbXBBbmRTb2Z0RW5nUGFwZXJzOgBQYXJuYXNBbmRDbGVtZW50czE5ODYucGRmAA4ANAAZAFAAYQByAG4AYQBzAEEAbgBkAEMAbABlAG0AZQBuAHQAcwAxADkAOAA2AC4AcABkAGYADwAaAAwATQBhAGMAaQBuAHQAbwBzAGgAIABIAEQAEgBKVXNlcnMvc21pdGhzL1JlcG9zL3NlNHNjL1NjaUNvbXBBbmRTb2Z0RW5nUGFwZXJzL1Bhcm5hc0FuZENsZW1lbnRzMTk4Ni5wZGYAEwABLwAAFQACAA3//wAAAAgADQAaACQAZwAAAAAAAAIBAAAAAAAAAAUAAAAAAAAAAAAAAAAAAAJh}}
